@article{shaw2017dalys,
  title={DALYs, dollars and dogs: how best to analyse the economics of controlling zoonoses.},
  author={Shaw, APM and Rushton, J and Roth, F and Torgerson, Paul R},
  journal={Revue scientifique et technique (International Office of Epizootics)},
  volume={36},
  number={1},
  pages={147--161},
  year={2017}
}

@book{celentano2019gordis,
  title={Gordis. Epidemiolog{\'\i}a},
  author={Celentano, David D and Mhs, Scd and Szklo, Moyses},
  year={2019},
  publisher={Elsevier}
}

@book{scheaffer2006elementary,
  title={Elementary Survey Sampling},
  author={Scheaffer, Richard and Mendenhall, William and Ott, Lyman and Gerow, Kenneth G.},
  year={2011},
  publisher={Cengage Learning},
}

@article{who2003international,
  title={International classification of ultrasound images in cystic echinococcosis for application in clinical and field epidemiological settings},
  author={WHO Informal Working Group and others},
  journal={Acta tropica},
  volume={85},
  number={2},
  pages={253--261},
  year={2003},
  publisher={Elsevier}
}

@article{davelois2016rendimiento,
  title={Rendimiento diagn{\'o}stico del Western Blot para detectar simult{\'a}neamente anticuerpos en pacientes con cisticercosis, hidatidosis y fascioliasis humana},
  author={Davelois, Kelly and Escalante, Hermes and Jara, C{\'e}sar},
  journal={Revista peruana de medicina experimental y salud publica},
  volume={33},
  pages={616--624},
  year={2016},
  publisher={SciELO Public Health}
}

@article{malki2014,
  title={Radical versus conservative surgical treatment of liver hydatid cysts},
  author={H. O. El-Malki and A. Souadka and A. Benkabbou and R. Mohsine and L. Ifrine and R. Abouqal and A. Belkouchi},
  journal={BJS Society},
  volume={10},
  number={6},
  pages={669--675},
  year={2014},
  publisher={John Wiley & Sons Ltd}
}

@article{bailly2015bayesian,
  title={Bayesian estimation of a cancer population by capture-recapture with individual capture heterogeneity and small sample},
  author={Bailly, Laurent and Daur{\`e}s, Jean Pierre and Dunais, Brigitte and Pradier, Christian},
  journal={BMC medical research methodology},
  volume={15},
  pages={39},
  year={2015},
  publisher={BioMed Central},
}

@book{Royle2014Spatial,
  title={Spatial Capture-recapture},
  author={Royle, J.A. and Chandler, R.B. and Sollmann, R. and Gardner, B},
  isbn={978-0-12-405939-9},
  year={2014},
  publisher={Academic Press},
}

@article{braeye2016capture,
  title={Capture-recapture estimators in epidemiology with applications to pertussis and pneumococcal invasive disease surveillance},
  author={Braeye, Toon and Verheagen, Jan and Mignon, Annick and Flipse, Wim and Pierard, Denis and Huygen, Kris and Schirvel, Carole and Hens, Niel},
  journal={PloS one},
  volume={11},
  number={8},
  pages={e0159832},
  year={2016},
  publisher={Public Library of Science}
}

@book{baddeley2015spatial,
  title={Spatial point patterns: methodology and applications with R},
  author={Baddeley, Adrian and Rubak, Ege and Turner, Rolf},
  year={2015},
  publisher={CRC press}
}

@book{friedman2001elements,
  title={The elements of statistical learning},
  author={Friedman, Jerome and Hastie, Trevor and Tibshirani, Robert},
  volume={1},
  number={10},
  year={2001},
  publisher={Springer series in statistics New York}
}

@article{moro2011economic,
    author = {Moro, Pedro L. AND Budke, Christine M. AND Schantz, Peter M. AND Vasquez, Julio AND Santiva√±ez, Saul J. AND Villavicencio, Jaime},
    journal = {PLOS Neglected Tropical Diseases},
    publisher = {Public Library of Science},
    title = {Economic Impact of Cystic Echinococcosis in Peru},
    year = {2011},
    month = {05},
    volume = {5},
    pages = {1-6},
}

@article{santivanez2010factores,
  title={Factores domiciliarios asociados con la presencia de hidatidosis humana en tres comunidades rurales de Jun{\'\i}n, Per{\'u}},
  author={Santiva{\~n}ez, Saul J and Naquira, Cesar and Gavidia, Cesar M and Tello, Luis and Hernandez, Eddy and Brunetti, Enrico and Kachani, Malika and Gonzalez, Armando E and Garcia, Hector H},
  journal={Revista Peruana de Medicina Experimental y Salud P{\'u}blica},
  volume={27},
  pages={498--505},
  year={2010},
  publisher={SciELO Public Health},
}