@article{shaw2017dalys,
  title={DALYs, dollars and dogs: how best to analyse the economics of controlling zoonoses.},
  author={Shaw, APM and Rushton, J and Roth, F and Torgerson, Paul R},
  journal={Revue scientifique et technique (International Office of Epizootics)},
  volume={36},
  number={1},
  pages={147--161},
  year={2017}
}

%%%%%%%%%%%%%%%%%%%%%%%%%%%%%%%%%%%%%%%%%%%%%%%%%%%%%%%%%%%%%%%%%%%%%%%%%%%%

@article{braeye2016capture,
  title={Capture-recapture estimators in epidemiology with applications to pertussis and pneumococcal invasive disease surveillance},
  author={Braeye, Toon and Verheagen, Jan and Mignon, Annick and Flipse, Wim and Pierard, Denis and Huygen, Kris and Schirvel, Carole and Hens, Niel},
  journal={PloS one},
  volume={11},
  number={8},
  pages={e0159832},
  year={2016},
  publisher={Public Library of Science}
}

%%%%%%%%%%%%%%%%%%%%%%%%%%%%%%%%%%%%%%%%%%%%%%%%%%%%%%%%%%%%%%%%%%%%%%%%%%%%
@article{moro2011economic,
    author = {Moro, Pedro L. AND Budke, Christine M. AND Schantz, Peter M. AND Vasquez, Julio AND Santivañez, Saul J. AND Villavicencio, Jaime},
    journal = {PLOS Neglected Tropical Diseases},
    publisher = {Public Library of Science},
    title = {Economic Impact of Cystic Echinococcosis in Peru},
    year = {2011},
    month = {05},
    volume = {5},
    pages = {1-6},
}

%%%%%%%%%%%%%%%%%%%%%%%%%%%%%%%%%%%%%%%%%%%%%%%%%%%%%%%%%%%%%%%%%%%%%%%%%%%%

@article{cortes2010hidatidosis,
  title={Hidatidosis humana: Generalidades y situaci{\'o}n epidemiol{\'o}gica en Chile seg{\'u}n egresos hospitalarios y notificaci{\'o}n obligatoria entre los a{\~n}os 2001 y 2005},
  author={Cort{\'e}s, Sandra and Valle, Carla},
  journal={Revista chilena de infectolog{\'\i}a},
  volume={27},
  number={4},
  pages={329--335},
  year={2010},
  publisher={Sociedad Chilena de Infectolog{\'\i}a}
}

%%%%%%%%%%%%%%%%%%%%%%%%%%%%%%%%%%%%%%%%%%%%%%%%%%%%%%%%%%%%%%%%%%%%%%%%%%%%

@article{santivanez2010factores,
  title={Factores domiciliarios asociados con la presencia de hidatidosis humana en tres comunidades rurales de Jun{\'\i}n, Per{\'u}},
  author={Santiva{\~n}ez, Saul J and Naquira, Cesar and Gavidia, Cesar M and Tello, Luis and Hernandez, Eddy and Brunetti, Enrico and Kachani, Malika and Gonzalez, Armando E and Garcia, Hector H},
  journal={Revista Peruana de Medicina Experimental y Salud P{\'u}blica},
  volume={27},
  pages={498--505},
  year={2010},
  publisher={SciELO Public Health},
}

%%%%%%%%%%%%%%%%%%%%%%%%%%%%%%%%%%%%%%%%%%%%%%%%%%%%%%%%%%%%%%%%%%%%%%%%%%%%

@article{moro2009echinococcosis,
  title={Echinococcosis: a review},
  author={Moro, Pedro and Schantz, Peter M},
  journal={International journal of Infectious diseases},
  volume={13},
  number={2},
  pages={125--133},
  year={2009},
  publisher={Elsevier}
}

%%%%%%%%%%%%%%%%%%%%%%%%%%%%%%%%%%%%%%%%%%%%%%%%%%%%%%%%%%%%%%%%%%%%%%%%%%%%

@book{scheaffer2006elementos,
  title={Elementary Survey Sampling},
  author={Scheaffer, Richard and Mendenhall, William and Ott, Lyman and Gerow, Kenneth G.},
  year={2011},
  publisher={Cengage Learning},
}

%%%%%%%%%%%%%%%%%%%%%%%%%%%%%%%%%%%%%%%%%%%%%%%%%%%%%%%%%%%%%%%%%%%%%%%%%%%%

@book{southwood2000Ecological,
  title={Ecological Methods},
  author={Southwood, T. R. E. and Henderson, P.},
  year={2000},
  publisher={Oxford: Blackwell Science},
 }

%%%%%%%%%%%%%%%%%%%%%%%%%%%%%%%%%%%%%%%%%%%%%%%%%%%%%%%%%%%%%%%%%%%%%%%%%%%%

@article{bailly2015bayesian,
  title={Bayesian estimation of a cancer population by capture-recapture with individual capture heterogeneity and small sample},
  author={Bailly, Laurent and Daur{\`e}s, Jean Pierre and Dunais, Brigitte and Pradier, Christian},
  journal={BMC medical research methodology},
  volume={15},
  pages={39},
  year={2015},
  publisher={BioMed Central},
}

%%%%%%%%%%%%%%%%%%%%%%%%%%%%%%%%%%%%%%%%%%%%%%%%%%%%%%%%%%%%%%%%%%%%%%%%%%%%

@book{Royle2014Spatial,
  title={Spatial Capture-recapture},
  author={Royle, J.A. and Chandler, R.B. and Sollmann, R. and Gardner, B},
  isbn={978-0-12-405939-9},
  year={2014},
  publisher={Academic Press},
}


%%%%%%%%%%%%%%%%%%%%%%%%%%%%%%%%%%%%%%%%%%%%%%%%%%%%%%%%%%%%%%%%%%%%%%%%%%%%%

@article{kebede2009echinococcosis,
  title={Echinococcosis/hydatidosis: its prevalence, economic and public health significance in Tigray region, North Ethiopia},
  author={Kebede, W and Hagos, A and Girma, Z and Lobago, F},
  journal={Tropical Animal Health and Production},
  volume={41},
  number={6},
  pages={865--871},
  year={2009},
  publisher={Springer}
}

%%%%%%%%%%%%%%%%%%%%%%%%%%%%%%%%%%%%%%%%%%%%%%%%%%%%%%%%%%%%%%%%%%%%%%%%%%%%%

@article{larrieu2004echinococcosis,
  title={Echinococcosis qu{\'\i}stica: epidemiolog{\'\i}a y control en Am{\'e}rica del Sur},
  author={Larrieu, Edmundo and Belloto, Albino and ARAMBULO III, PRIMO and Tamayo, Hugo},
  journal={Parasitolog{\'\i}a latinoamericana},
  volume={59},
  number={1-2},
  pages={82--89},
  year={2004},
  publisher={Sociedad Chilena de Parasitolog{\'\i}a. Organo Oficial de la Federaci{\'o}n~…}
}

%%%%%%%%%%%%%%%%%%%%%%%%%%%%%%%%%%%%%%%%%%%%%%%%%%%%%%%%%%%%%%%%%%%%%%%%%%%%%

@article{general2014world,
  title={World Medical Association Declaration of Helsinki: ethical principles for medical research involving human subjects.},
  author={general assembly of the world medical association and others},
  journal={The Journal of the American College of Dentists},
  volume={81},
  number={3},
  pages={14},
  year={2014}
}

%%%%%%%%%%%%%%%%%%%%%%%%%%%%%%%%%%%%%%%%%%%%%%%%%%%%%%%%%%%%%%%%%%%%%%%%%%%%%

@misc{who2020,
author = {WHO},
title = {Equinococosis},
year = {2019},
howpublished = "{https://www.who.int/es/news-room/fact-sheets/detail/echinococcosis}",
urldate = {01-10-2019}
}

%%%%%%%%%%%%%%%%%%%%%%%%%%%%%%%%%%%%%%%%%%%%%%%%%%%%%%%%%%%%%%%%%%%%%%%%%%%%%

@article{sarkar2017cystic,
  title={Cystic echinococcosis: a neglected disease at usual and unusual locations},
  author={Sarkar, Soma and Roy, Himansu and Saha, Puranjay and Sengupta, Mallika and Sarder, Krisnendu and Sengupta, Manideepa},
  journal={Tropical parasitology},
  volume={7},
  number={1},
  pages={51},
  year={2017},
  publisher={Wolters Kluwer--Medknow Publications}
}


%%%%%%%%%%%%%%%%%%%%%%%%%%%%%%%%%%%%%%%%%%%%%%%%%%%%%%%%%%%%%%%%%%%%%%%%%%%%%

@article{giri2012review,
  title={A review on diagnostic and preventive aspects of cystic echinococcosis and human cysticercosis},
  author={Giri, Sidhartha and Parija, Subhash Chandra},
  journal={Tropical parasitology},
  volume={2},
  number={2},
  pages={99},
  year={2012},
  publisher={Wolters Kluwer--Medknow Publications}
}

%%%%%%%%%%%%%%%%%%%%%%%%%%%%%%%%%%%%%%%%%%%%%%%%%%%%%%%%%%%%%%%%%%%%%%%%%%%%%

@book{celentano2019gordis,
  title={Gordis. Epidemiolog{\'\i}a},
  author={Celentano, David D and Mhs, Scd and Szklo, Moyses},
  year={2019},
  publisher={Elsevier}
}

%%%%%%%%%%%%%%%%%%%%%%%%%%%%%%%%%%%%%%%%%%%%%%%%%%%%%%%%%%%%%%%%%%%%%%%%%%%%%

@book{ruiz2004fundamentos,
  title={Fundamentos de inferencia estad{\'\i}stica},
  author={Ruiz-Maya, Luis and Pliego, Francisco Javier Mart{\'\i}n},
  year={2004},
  publisher={AC}
}

%%%%%%%%%%%%%%%%%%%%%%%%%%%%%%%%%%%%%%%%%%%%%%%%%%%%%%%%%%%%%%%%%%%%%%%%%%%%%

@article{davelois2016rendimiento,
  title={Rendimiento diagn{\'o}stico del Western Blot para detectar simult{\'a}neamente anticuerpos en pacientes con cisticercosis, hidatidosis y fascioliasis humana},
  author={Davelois, Kelly and Escalante, Hermes and Jara, C{\'e}sar},
  journal={Revista peruana de medicina experimental y salud publica},
  volume={33},
  pages={616--624},
  year={2016},
  publisher={SciELO Public Health}
}

%%%%%%%%%%%%%%%%%%%%%%%%%%%%%%%%%%%%%%%%%%%%%%%%%%%%%%%%%%%%%%%%%%%%%%%%%%%%%

@Manual{mgcv,
    title = {Mixed GAM Computation Vehicle with Automatic Smoothness Estimation},
    author = {Simon Wood},
    year = {2020},
    note = {R package version 1.8-33},
  }
  
 %%%%%%%%%%%%%%%%%%%%%%%%%%%%%%%%%%%%%%%%%%%%%%%%%%%%%%%%%%%%%%%%%%%%%%%%%%%%%
  
  @book{friedman2001elements,
  title={The elements of statistical learning},
  author={Friedman, Jerome and Hastie, Trevor and Tibshirani, Robert},
  volume={1},
  number={10},
  year={2001},
  publisher={Springer series in statistics New York}
}

%%%%%%%%%%%%%%%%%%%%%%%%%%%%%%%%%%%%%%%%%%%%%%%%%%%%%%%%%%%%%%%%%%%%%%%%%%%%%

@book{baddeley2015spatial,
  title={Spatial point patterns: methodology and applications with R},
  author={Baddeley, Adrian and Rubak, Ege and Turner, Rolf},
  year={2015},
  publisher={CRC press}
}

%%%%%%%%%%%%%%%%%%%%%%%%%%%%%%%%%%%%%%%%%%%%%%%%%%%%%%%%%%%%%%%%%%%%%%%%%%%%%

@book{pinsky2010introduction,
  title={An introduction to stochastic modeling},
  author={Pinsky, Mark and Karlin, Samuel},
  year={2010},
  publisher={Academic press}
}

%%%%%%%%%%%%%%%%%%%%%%%%%%%%%%%%%%%%%%%%%%%%%%%%%%%%%%%%%%%%%%%%%%%%%%%%%%%%%

@phdthesis{wang2001maximum,
  title={Maximum weighted likelihood estimation},
  author={Wang, Steven Xiaogang},
  year={2001},
  school={University of British Columbia}
}

%%%%%%%%%%%%%%%%%%%%%%%%%%%%%%%%%%%%%%%%%%%%%%%%%%%%%%%%%%%%%%%%%%%%%%%%%%%%%

@book{PAHO,
  title={Prevention and Control of Hydatidosis at Local Level: South American Initiative for the Control and Surveillance of Cystic Echinococcosis/Hydatidosis},
  author={PAHO/WHO},
  year={2017},
  publisher={PANAFTOSA}
}

%%%%%%%%%%%%%%%%%%%%%%%%%%%%%%%%%%%%%%%%%%%%%%%%%%%%%%%%%%%%%%%%%%%%%%%%%%%%%

@article{malki2014,
  title={Radical versus conservative surgical treatment of liver hydatid cysts},
  author={H. O. El-Malki and A. Souadka and A. Benkabbou and R. Mohsine and L. Ifrine and R. Abouqal and A. Belkouchi},
  journal={BJS Society},
  volume={10},
  number={6},
  pages={669--675},
  year={2014},
  publisher={John Wiley & Sons Ltd}
}

%%%%%%%%%%%%%%%%%%%%%%%%%%%%%%%%%%%%%%%%%%%%%%%%%%%%%%%%%%%%%%%%%%%%%%%%%%%%%

@book{ellis2010essential,
	title={The essential guide to effect sizes: Statistical power, meta-analysis, and the interpretation of research results},
	author={Ellis, Paul D},
	year={2010},
	publisher={Cambridge university press}
}

%%%%%%%%%%%%%%%%%%%%%%%%%%%%%%%%%%%%%%%%%%%%%%%%%%%%%%%%%%%%%%%%%%%%%%%%%%%%%